% This file was created with JabRef 2.9.2.
% Encoding: MacRoman

@article{Celiaetal1990,
  author = {Celia, Michael A and Bouloutas, Efthimios T and Zarba, Rebecca L},
  title = {{A general mass-conservative numerical solution for the unsaturated
	flow equation}},
  journal = {{Water resources research}},
  year = {1990},
  volume = {26},
  pages = {1483--1496},
  number = {7},
  publisher = {Wiley Online Library}
}

@article{Clementetal1994,
  author = {Clement, TP and Wise, William R and Molz, Fred J},
  title = {{A physically based, two-dimensional, finite-difference algorithm
	for modeling variably saturated flow}},
  journal = {{Journal of Hydrology}},
  year = {1994},
  volume = {161},
  pages = {71--90},
  number = {1},
  publisher = {Elsevier}
}

@article{Genuchten1980,
  author = {Van Genuchten, M Th},
  title = {{A closed-form equation for predicting the hydraulic conductivity
	of unsaturated soils}},
  journal = {{Soil Science Society of America Journal}},
  year = {1980},
  volume = {44},
  pages = {892--898},
  number = {5},
  publisher = {Soil Science Society of America}
}

@article{Hoffman1983,
  title = {Soil Properties and Efficient Water Use: Water Management for Salinity Control},
  volume = {acsesspublicati},
  url = {https://dl.sciencesocieties.org/publications/books/abstracts/acsesspublicati/limitationstoef/73},
  number = {limitationstoef},
  journal = {Limitations to Efficient Water Use in Crop Production},
  author = {Hoffman, Glenn J. and Van Genuchten, M. Th},
  year = {1983},
  pages = {73--85}
}

@book{Feddes1978,
	address = {Wageningen},
	title = {Simulation of field water use and crop yield},
	isbn = {{902200676X} 9789022006764},
	language = {English},
	publisher = {Centre for Agricultural Pub. and Documentation},
	author = {Feddes, R. A and Kowalik, P. J and Zaradny, H.},
	year = {1978}
}

@book{FAO1998,
	address = {Rome},
	series = {{FAO} irrigation and drainage paper},
	title = {Crop evapotranspiration: guidelines for computing crop water requirements},
	isbn = {9251042195},
	lccn = {S600.7.E93 C76 1998},
	shorttitle = {Crop evapotranspiration},
	number = {56},
	publisher = {Food and Agriculture Organization of the United Nations},
	author = {{Food and Agriculture Organization of the United Nations}},
	editor = {Allen, R. G.},
	year = {1998},
	keywords = {Crops, Evapotranspiration, Water requirements}
}


@article{Herradaetal2014,
	title = {Modeling infiltration rates in a saturated/unsaturated soil under the free draining condition},
	issn = {00221694},
	url = {http://linkinghub.elsevier.com/retrieve/pii/S002216941400300X},
	doi = {10.1016/j.jhydrol.2014.04.026},
	language = {en},
	urldate = {2014-05-06},
	journal = {Journal of Hydrology},
	author = {Herrada, Miguel A. and Gutiérrez, Alfonso and Montanero, José M.},
	month = apr,
	year = {2014}
}